65500000         20048905000018410276535            00000 0000000000000 JJGC INDUSTRIA E COMERCIO DE  BANCO VOTORANTIM S/A                    12005202402020000001008700000                                                                     
65500011C2003045 20048905000018410276535            00000 0000000000000 JJGC INDUSTRIA E COMERCIO DE                                                                        00000                                   00000000                    
6550001300001A0000180010414830000000347361 RETROFITING CONSTRUCOES, REFO 0014540001          21052024BRL000000000819230000000000819230                    19072024000000000819230                                        0300005                
6550001300002B   213786635000108                                                                                     00000000  1907202400000000081923000000000000000000000000000000000000000000000000000000000000013786635000108 000000000118500
65500015         000004000000000000819230000000000000000000000000                                                                                                                                                                               
65599999         000001000006000001                                                                                                                                                                                                             